<record><leader>00000cas a22000007a 4500</leader><controlfield tag="001">12801575</controlfield><controlfield tag="008">851115d19511956wiuwr ne      0    0eng d</controlfield><datafield ind1=" " ind2=" " tag="010"><subfield code="a">sn 85041437 </subfield></datafield><datafield ind1=" " ind2=" " tag="040"><subfield code="a">NPV</subfield><subfield code="b">eng</subfield><subfield code="c">NPV</subfield><subfield code="d">OCLCQ</subfield></datafield><datafield ind1=" " ind2=" " tag="042"><subfield code="a">msc</subfield></datafield><datafield ind1=" " ind2=" " tag="045"><subfield code="a">x5x5</subfield></datafield><datafield ind1=" " ind2=" " tag="052"><subfield code="a">4123</subfield><subfield code="b">B3</subfield></datafield><datafield ind1="0" ind2="0" tag="245"><subfield code="a">Barron County leader.</subfield></datafield><datafield ind1=" " ind2=" " tag="260"><subfield code="a">Cameron, Wis. :</subfield><subfield code="b">L.A. Mason,</subfield><subfield code="c">1951-1956.</subfield></datafield><datafield ind1=" " ind2=" " tag="300"><subfield code="a">v.</subfield></datafield><datafield ind1=" " ind2=" " tag="310"><subfield code="a">Weekly</subfield></datafield><datafield ind1="0" ind2=" " tag="362"><subfield code="a">Vol. 22, no. 20 (June 20, 1951)-v. 28, no. 22 (June 27, 1956).</subfield></datafield><datafield ind1=" " ind2=" " tag="500"><subfield code="a">Editor: L.A. Mason, June 20, 1951-June 27, 1956.</subfield></datafield><datafield ind1=" " ind2=" " tag="525"><subfield code="a">Supplements accompany some issues.</subfield></datafield><datafield ind1=" " ind2=" " tag="530"><subfield code="a">Available on microfilm from The State Historical Society of Wisconsin.</subfield></datafield><datafield ind1=" " ind2=" " tag="752"><subfield code="a">United States</subfield><subfield code="b">Wisconsin</subfield><subfield code="c">Barron</subfield><subfield code="d">Cameron.</subfield></datafield><datafield ind1="0" ind2="0" tag="780"><subfield code="t">Cameron echo</subfield><subfield code="w">(DLC)sn 85041438</subfield></datafield><datafield ind1="0" ind2="0" tag="785"><subfield code="t">Midwest republican</subfield><subfield code="w">(DLC)sn 85041436</subfield></datafield><datafield ind1="1" ind2=" " tag="029"><subfield code="a">AU@</subfield><subfield code="b">000025815534</subfield></datafield></record>